<record><leader>00000cas a22000007a 4500</leader><controlfield tag="001">13489275</controlfield><controlfield tag="008">860424d19041925paudn ne      0    0eng d</controlfield><datafield ind1=" " ind2=" " tag="010"><subfield code="a">sn 88080960 </subfield></datafield><datafield ind1=" " ind2=" " tag="040"><subfield code="a">NPH</subfield><subfield code="b">eng</subfield><subfield code="c">NPH</subfield><subfield code="d">NVK</subfield><subfield code="d">OCLCQ</subfield><subfield code="d">OCLCF</subfield><subfield code="d">OCLCO</subfield></datafield><datafield ind1="1" ind2=" " tag="029"><subfield code="a">AU@</subfield><subfield code="b">000025792963</subfield></datafield><datafield ind1=" " ind2=" " tag="042"><subfield code="a">msc</subfield></datafield><datafield ind1=" " ind2=" " tag="043"><subfield code="a">n-us-pa</subfield></datafield><datafield ind1="0" ind2=" " tag="130"><subfield code="a">Record herald (Hanover, Pa.)</subfield></datafield><datafield ind1="1" ind2="0" tag="245"><subfield code="a">Record herald.</subfield></datafield><datafield ind1=" " ind2=" " tag="260"><subfield code="a">Hanover, Pa. :</subfield><subfield code="b">Hanover Print. Co.,</subfield><subfield code="c">1904-1925.</subfield></datafield><datafield ind1=" " ind2=" " tag="300"><subfield code="a">v.</subfield></datafield><datafield ind1=" " ind2=" " tag="310"><subfield code="a">Daily (except Sun.)</subfield></datafield><datafield ind1="0" ind2=" " tag="362"><subfield code="a">Vol. 20, no. 140 (June 22, 1904)-v. 60, no. 9 (July 11, 1925).</subfield></datafield><datafield ind1=" " ind2=" " tag="500"><subfield code="a">Special Historical and industrial supplement edited and compiled by Albert E. Walker, Apr. 12, 1912.</subfield></datafield><datafield ind1=" " ind2=" " tag="515"><subfield code="a">Continues the numbering of Evening herald (Hanover, Pa.).</subfield></datafield><datafield ind1=" " ind2="0" tag="651"><subfield code="a">Hanover (York County, Pa.)</subfield><subfield code="v">Newspapers.</subfield></datafield><datafield ind1=" " ind2="7" tag="655"><subfield code="a">Newspapers.</subfield><subfield code="2">fast</subfield><subfield code="0">(OCoLC)fst01423814</subfield></datafield><datafield ind1=" " ind2="7" tag="651"><subfield code="a">Pennsylvania</subfield><subfield code="z">Hanover (York County)</subfield><subfield code="2">fast</subfield><subfield code="0">(OCoLC)fst01313290</subfield></datafield><datafield ind1=" " ind2=" " tag="752"><subfield code="a">United States</subfield><subfield code="b">Pennsylvania</subfield><subfield code="c">York</subfield><subfield code="d">Hanover.</subfield></datafield><datafield ind1="0" ind2=" " tag="775"><subfield code="t">Hanover herald (Hanover, Pa. : 1872)</subfield><subfield code="w">(DLC)sn 83032130</subfield></datafield><datafield ind1="0" ind2="4" tag="780"><subfield code="t">Daily record (Hanover, Pa.)</subfield></datafield><datafield ind1="0" ind2="4" tag="780"><subfield code="t">Evening herald (Hanover, Pa.)</subfield><subfield code="w">(DLC)sn 88080957</subfield></datafield><datafield ind1="0" ind2="0" tag="785"><subfield code="t">Hanover record-herald</subfield><subfield code="w">(DLC)sn 88080956</subfield></datafield></record>